<?xml version="1.0" encoding="UTF-8"?><collection xmlns="http://www.loc.gov/MARC21/slim"><record><leader>00474nam--2200181-i-4500</leader><controlfield tag="001">000026564</controlfield><controlfield tag="002">20161230</controlfield><controlfield tag="005">20170104003935</controlfield><controlfield tag="008">060222s1000------------r-----000-0-ger-d</controlfield><datafield ind1=" " ind2=" " tag="040"><subfield code="a">IFIN-HH</subfield></datafield><datafield ind1=" " ind2=" " tag="041"><subfield code="a">ger</subfield></datafield><datafield ind1=" " ind2=" " tag="080"><subfield code="a">533.9</subfield></datafield><datafield ind1="1" ind2=" " tag="100"><subfield code="a">Kautzleben, Heinz</subfield></datafield><datafield ind1="1" ind2="0" tag="245"><subfield code="a">Betrachtungen zur hydromagnetischen theorie des plasmas</subfield><subfield code="c">Heinz Kautzleben</subfield></datafield><datafield ind1=" " ind2=" " tag="260"><subfield code="a">Berlin</subfield><subfield code="b">Akademie-Verlag</subfield><subfield code="c">1958</subfield></datafield><datafield ind1=" " ind2=" " tag="300"><subfield code="a">127 p</subfield></datafield><datafield ind1=" " ind2=" " tag="852"><subfield code="a">76104</subfield><subfield code="c">533.9</subfield></datafield><datafield ind1=" " ind2=" " tag="CAT"><subfield code="a">SYS</subfield><subfield code="c">20170104</subfield><subfield code="h">003935</subfield></datafield></record></collection>